@book{ref1, 
author ="邱锡鹏", 
year="2019", 
title="神经网络与深度学习", 
publisher ="https://nndl.github.io/" 
} 